@inproceedings{bobek2015understanding,
  AUTHOR = {Bobek, Szymon and Dziadzio, Sebastian and Jaciów, Paweł and Ślażyński, Mateusz and Nalepa, Grzegorz},
  TITLE = {Understanding Context with ContextViewer - Tool for Visualization and Initial Preprocessing of Mobile Sensors Data},
  BOOKTITLE = {Proceedings of 9th International and Interdisciplinary Conference on Modeling and Using Context},
  YEAR = {2015},
}

@inproceedings{ziolko2015comparison,
  AUTHOR = {Ziółko, Bartosz and Dziadzio, Sebastian and Nabożny, Aleksandra and Pohl, Aleksander},
  TITLE = {Comparison of Language Models Trained on Written Texts and Speech Transcripts in the Context of Automatic Speech Recognition},
  BOOKTITLE = {Proceedings of 10th International Symposium Advances in Artificial Intelligence and Applications},
  YEAR = {2015},
}
